@inproceedings{marchand01,
  author    = {Marchand, Mario and Shawe-Taylor, John},
  title     = {Learning with the Set Covering Machine},
  year      = {2001},
  booktitle = {ICML},
  pages     = {345--352}
}

@article{marchand02,
  author  = {Marchand, Mario and Shawe-Taylor, John},
  year    = {2002},
  title   = {The Set Covering Machine},
  volume  = {3},
  pages   = {723--746},
  journal = {Journal of Machine Learning Research}
}

@inproceedings{marchand03,
  author    = {Marchand, Mario and Shah, Mohak and Shawe-Taylor, John and Sokolova, Marina},
  title     = {The Set Covering Machine with Data-Dependent Half-Spaces},
  booktitle = {Proceedings of the Twentieth International Conference on Machine Learning (ICML-2003)},
  pages     = {520--527},
  year      = {2003}
}

@inproceedings{kestler06,
  author       = {Kestler, Hans A. and Lindner, Wolfgang and M{\"u}ller, Andr{\'e}},
  title        = {Learning and Feature Selection Using the Set Covering Machine with Data-Dependent Rays on Gene Expression Profiles},
  booktitle    = {IAPR Workshop on Artificial Neural Networks in Pattern Recognition},
  year         = {2006},
  pages        = {286--297},
  organization = {Springer}
}

@article{kestler11,
  title     = {On the fusion of threshold classifiers for categorization and dimensionality reduction},
  author    = {Kestler, Hans A. and Lausser, Ludwig and Lindner, Wolfgang and Palm, G{\"u}nther},
  journal   = {Computational Statistics},
  volume    = {26},
  number    = {2},
  pages     = {321--340},
  year      = {2011},
  publisher = {Springer}
}

@incollection{schmid,
  author    = {Schmid, Florian and Lausser, Ludwig and Kestler, Hans A.},
  title     = {Three Transductive Set Covering Machines},
  booktitle = {Data Analysis, Machine Learning and Knowledge Discovery},
  year      = {2014},
  pages     = {303--311},
  publisher = {Springer}
}

@article{taudien,
  title     = {Genetic Factors of the Disease Course After Sepsis: Rare Deleterious Variants Are Predictive},
  journal   = {EBioMedicine},
  volume    = {12},
  pages     = {227--238},
  year      = {2016},
  publisher = {Elsevier},
  author    = {Taudien, Stefan and Lausser, Ludwig and Giamarellos-Bourboulis, Evangelos J. and Sponholz, Christoph and Sch{\"o}neweck, Franziska and et al.}
}

@mastersthesis{graf,
  author  = {Graf, Robert S{\"o}ren},
  school  = {Ulm University},
  title   = {Ein probabilistischer Ansatz f{\"u}r das Minimal Set Cover Problem},
  year    = {2010}
}

@article{muessel,
  author          = {M{\"u}ssel, Christoph and Lausser, Ludwig and Maucher, Markus and Kestler, Hans A.},
  journal         = {Journal of Statistical Software},
  number          = {5},
  title           = {Multi-Objective Parameter Selection for Classifiers},
  volume          = {46},
  year            = {2012},
  pages           = {1--27},
}

@article{drouin16,
  author    = {Drouin, Alexandre and Gigu{\`e}re, S{\'e}bastien and D{\'e}raspe, Maxime and Marchand, Mario and Tyers, Michael and et al.},
  title     = {Predictive computational phenotyping and biomarker discovery using reference-free genome comparisons},
  journal   = {BMC Genomics},
  volume    = {17},
  number    = {1},
  year      = {2016},
  pages     = {1--15},
  publisher = {Springer}
}

@article{drouin19,
  author    = {Drouin, Alexandre and Letarte, Ga{\"e}l and Raymond, Fr{\'e}d{\'e}ric and Marchand, Mario and Corbeil, Jacques and Laviolette, Fran{\c{c}}ois},
  title     = {Interpretable genotype-to-phenotype classifiers with performance guarantees},
  journal   = {Scientific Reports},
  volume    = {9},
  number    = {1},
  year      = {2019},
  pages     = {1--13},
  publisher = {Nature Publishing Group}
}

@book{cormen,
  author    = {Cormen, Thomas H. and Leiserson, Charles E. and Rivest, Ronald L. and Stein, Clifford},
  title     = {Introduction To Algorithms},
  edition   = {3rd},
  year      = {2009},
  publisher = {The MIT Press}
}

@article{bezanson,
  title     = {Julia: A fresh approach to numerical computing},
  author    = {Bezanson, Jeff and Edelman, Alan and Karpinski, Stefan and Shah, Viral B.},
  year      = {2017},
  publisher = {Society for Industrial and Applied Mathematics},
  journal   = {SIAM Review},
  volume    = {59},
  number    = {1},
  pages     = {65--98}
}

@inproceedings{germain,
  title        = {A Pseudo-Boolean Set Covering Machine},
  author       = {Germain, Pascal and Gigu{\`e}re, S{\'e}bastien and Roy, Jean-Francis and Zirakiza, Brice and Laviolette, Fran{\c{c}}ois and Quimper, Claude-Guy},
  booktitle    = {International Conference on Principles and Practice of Constraint Programming},
  organization = {Springer},
  year         = {2012},
  pages        = {916--924}
}

@article{laviolette,
  author  = {Laviolette, Fran{\c{c}}ois and Marchand, Mario and Shah, Mohak},
  title   = {A PAC-Bayes approach to the Set Covering Machine},
  year    = {2005},
  pages   = {731--738},
  journal = {Advances in Neural Information Processing Systems},
  volume  = {18}
}

@article{burgard,
  author          = {Burgard, Jan P. and Moreira Costa, Carina and Schmidt, Martin},
  journal         = {Annals of Operations Research},
  title           = {Robustification of the k-means clustering problem and tailored decomposition methods: when more conservative means more accurate},
  year            = {2022},
  doi             = {10.1007/s10479-022-04818-w}
}

@article{hussain,
  author          = {Hussain, Zakria and Szedmak, Sandor and Shawe-Taylor, John},
  title           = {The Linear Programming Set Covering Machine},
  year            = {2004},
  journal         = {Pattern Analysis, Statistical Modelling and Computational Learning}
}

@article{aizenstein,
  author          = {Aizenstein, Howard and Pitt, Leonard},
  journal         = {Machine Learning},
  number          = {1},
  title           = {On the learnability of disjunctive normal form formulas},
  volume          = {19},
  year            = {2004},
  pages           = {183--208},
}

@article{allender,
  author          = {Allender, Eric and Hellerstein, Lisa and McCabe, Paul and Pitassi, Toniann and Saks, Michael},
  journal         = {SIAM Journal on Computing},
  number          = {1},
  title           = {Minimizing Disjunctive Normal Form Formulas and {$AC^0$} Circuits Given a Truth Table},
  volume          = {38},
  year            = {2008},
  pages           = {63--84},
}

@article{valiant,
  author          = {Valiant, Leslie G.},
  journal         = {Communications of the ACM},
  number          = {11},
  title           = {A Theory of the Learnable},
  volume          = {27},
  year            = {1984},
  pages           = {1134--1142}
}

@article{haussler88,
  author          = {Haussler, David},
  journal         = {Artificial Intelligence},
  number          = {2},
  title           = {Quantifying inductive bias: AI learning algorithms and Valiant's learning framework},
  volume          = {36},
  year            = {1988},
  pages           = {177--221},
}

@article{dahouda,
  author          = {Dahouda, Mwamba and Inwhee, Joe},
  journal         = {IEEE Access},
  number          = {1},
  title           = {A Deep-Learned Embedding Technique for Categorical Features Encoding},
  volume          = {9},
  year            = {2021},
  pages           = {114381--114391},
}

@article{potdar,
  author          = {Potdar, Kedar and Pardawala, Taher and Pai, Chinmay},
  journal         = {International Journal of Computer Applications},
  number          = {4},
  title           = {A Comparative Study of Categorical Variable Encoding Techniques for Neural Network Classifiers},
  volume          = {175},
  year            = {2017},
  pages           = {7--9},
}

@book{brownlee,
  author         = {Brownlee, Jason},
  publisher      = {Machine Learning Mastery: Data Cleaning, Feature Selection, and Data Transforms in Python},
  title          = {Data Preparation for Machine Learning},
  year           = {2020},
  edition        = {1.1st},
}

@article{caprara,
  author          = {Caprara, Alberto and Toth, Paolo and Fischetti, Matteo},
  journal         = {Annals of Operations Research},
  number          = {1},
  title           = {Algorithms for the Set Covering Problem},
  volume          = {98},
  year            = {2000},
  pages           = {353--371}
}

@inproceedings{marchand04,
  author          = {Marchand, Mario and Shah, Mohak},
  booktitle       = {Advances in Neural Information Processing Systems},
  editor          = {Saul, L. and Weiss, Y. and Bottou, L.},
  title           = {PAC-Bayes Learning of Conjunctions and Classification of Gene-Expression Data},
  year            = {2004},
  publisher       = {MIT Press},
  volume          = {17},
  pages           = {881--888}
}

@inproceedings{haussler90,
  author          = {Haussler, David},
  booktitle       = {Proceedings of the Eight National Conference on Artificial Intelligence (AAAI-90)},
  publisher       = {University of California},
  title           = {Probably Approximately Correct Learning},
  year            = {1990},
  pages           = {1101--1108}
}

@article{chvatal,
  author          = {Chvatal, Vasek},
  journal         = {Mathematics of operations research},
  number          = {3},
  title           = {A greedy heuristic for the set-covering problem},
  volume          = {4},
  year            = {1979},
  pages           = {233--235}
}

@book{cristianini,
  author         = {Cristianini, Nello and Shawe-Taylor, John},
  publisher      = {Cambridge University Press},
  title          = {An introduction to support vector machines and other kernel-based learning methods},
  year           = {2000}
}

@article{cortes,
  author          = {Cortes, Corinna and Vapnik, Vladimir},
  journal         = {Machine Learning},
  number          = {3},
  title           = {Support-Vector Networks},
  volume          = {20},
  year            = {1995},
  pages           = {273--297}
}

@article{floyd,
  author          = {Floyd, Sally and Warmuth, Manfred},
  journal         = {Machine learning},
  number          = {3},
  title           = {Sample compression, learnability, and the Vapnik-Chervonenkis dimension},
  volume          = {21},
  year            = {1995},
  pages           = {269--304}
}

@article{shawe,
  author          = {Shawe-Taylor, John},
  journal         = {Algorithmica},
  number          = {1},
  title           = {Classification Accuracy Based on Observed Margin},
  volume          = {22},
  year            = {1998},
  pages           = {157--172},
}

% could not find out the author's first names :c
@book{davey,
  author         = {Davey, B. A. and Priestley, H. A.},
  publisher      = {Cambridge University Press},
  title          = {Introduction to Lattices and Order},
  year           = {2002},
  edition        = {2nd},
}

@article{blumer,
  author          = {Blumer, Anselm and Ehrenfeucht, Andrzej and Haussler, David and Warmuth, Manfred K.},
  journal         = {Journal of the ACM (JACM)},
  number          = {4},
  title           = {Learnability and the Vapnik-Chervonenkis dimension},
  volume          = {36},
  year            = {1989},
  pages           = {929--965},
}

############################################################################################

@article{lausser20,
  author          = {Lausser, Ludwig and Szekely, Robin and Klimmek, Attila and Schmid, Florian and Kestler, Hans A.},
  journal         = {Journal of The Royal Society Interface},
  title           = {Constraining classifiers in molecular analysis: invariance and robustness},
  volume          = {Interface 17: 20190612},
  year            = {2020},
  doi             = {10.1098/rsif.2019.0612}
}

@article{tcga08,
  author          = {The Cancer Genome Atlas (TCGA) Research Network},
  journal         = {Nature},
  issue           = {7216},
  title           = {Comprehensive genomic characterization defines human glioblastoma genes and core pathways},
  volume          = {455},
  year            = {2008},
  pages           = {1051--1068}
}

@article{tcga13,
  author          = {The Cancer Genome Atlas (TCGA) Research Network},
  journal         = {Nature},
  number          = {7456},
  title           = {Comprehensive molecular characterization of clear cell renal cell carcinoma},
  volume          = {499},
  year            = {2013},
  pages           = {43--49}
}

@mastersthesis{franchis,
  author  = {De Franchis, Marco},
  school  = {Polytechnic University of Turin},
  title   = {Design of a CNN-based method for classifying subtype of kidney cancers using miRNA isoform profiles},
  year    = {2020}
}

@article{guo21,
  author          = {Guo, Chengbin and Tang, Yuqin and Zhang, Yongqiang and Li, Gen},
  journal         = {Frontiers in molecular biosciences},
  number          = {645388},
  title           = {Mining TCGA data for key biomarkers related to immune microenvironment in endometrial cancer by immune score and weighted correlation network analysis},
  volume          = {8},
  year            = {2021},
  doi             = {10.3389/fmolb.2021.645388},
}

@article{wang18,
  author          = {Wang, Xiaoyan and Steensma, Joseph T. and Bailey, Matthew H. and Feng, Qianxi and Padda, Hannah and Johnson, Kimberly J.},
  journal         = {British Journal of Cancer},
  number          = {7},
  title           = {Characteristics of The Cancer Genome Atlas cases relative to U.S. general population cancer cases},
  volume          = {119},
  year            = {2018},
  pages           = {885--892},
}

@article{marguerat,
  author          = {Marguerat, Samuel and B{\"a}hler, J{\"u}rg},
  journal         = {Cellular and Molecular Life Sciences},
  number          = {4},
  title           = {RNA-Seq: from technology to biology},
  volume          = {67},
  year            = {2010},
  pages           = {569--579}
}

@article{wang09,
  author          = {Wang, Zhong and Gerstein, Mark and Snyder, Michael},
  journal         = {Nature Reviews Genetics},
  number          = {1},
  title           = {RNA-Seq: a revolutionary tool for transcriptomics},
  volume          = {10},
  year            = {2009},
  pages           = {57--63}
}

@article{zhao,
  author          = {Zhao, Yingdong and Li, Ming-Chung and Konat{\'e}, Mariam M. and Chen, Li and Das, Biswajit and et al.},
  journal         = {Journal of Translational Medicine},
  number          = {1},
  title           = {TPM, FPKM, or Normalized Counts? A Comparative Study of Quantification Measures for the Analysis of RNA-seq Data from the NCI Patient-Derived Models Repository},
  volume          = {19},
  year            = {2021},
  pages           = {269--283},
}

@article{li11,
  author          = {Li, Bo and Dewey, Colin N.},
  journal         = {BMC Bioinformatics},
  number          = {1},
  title           = {RSEM: accurate transcript quantification from RNA-Seq data with or without a reference genome},
  volume          = {12},
  year            = {2011},
  pages           = {323--338},
}

@article{jones,
  author          = {Jones, Peter A. and Baylin, Stephen B.},
  journal         = {Cell},
  number          = {4},
  title           = {The Epigenomics of Cancer},
  volume          = {128},
  year            = {2007},
  pages           = {683--692},
}

%%%%%%%%%%%%%%%%%%%%%%%%%%%%%%%%%%%%%%%%%%%%%%%%%%%%%%%%%%%%%%%%%%%%%%%%%%%%%%%%%%%%%%%%%%%%

@misc{uci,
  author       = {Dua, Dheeru and Graff, Case},
  howpublished = {},
  title        = {UCI Machine Learning Repository},
  year         = {2017},
  url          = {http://archive.ics.uci.edu/ml},
  institution  = {University of California, Irvine, School of Information and Computer Sciences},
  note         = {accessed on August 14 2022}
}

@article{harley,
  author          = {Harley, Calvin B. and Reynolds, Robert P.},
  journal         = {Nucleic Acids Research},
  number          = {5},
  title           = {Analysis of E. coli pormoter sequences},
  volume          = {15},
  year            = {1987},
  pages           = {2343--2361},
  publisher       = {Oxford University Press}
}

@inproceedings{towell,
  author          = {Towell, Geofrey G. and Shavlik, Jude W. and Noordewier, Michiel O.},
  booktitle       = {Proceedings of the eighth National conference on Artificial intelligence},
  title           = {Refinement of approximate domain theories by knowledge-based neural networks},
  year            = {1990},
  volume          = {2},
  pages           = {861--866},
  organization    = {University of Wisconsin}
}

@phdthesis{shapiro,
  author      = {Shapiro, Alen D.},
  school      = {University of Edinburgh},
  title       = {The role of structured induction in expert systems},
  year        = {1983}
}

@inproceedings{gaines,
  author          = {Gaines, Brian R.},
  booktitle       = {KDD},
  title           = {Structured and Unstructured Induction with EDAGs},
  year            = {1995},
  pages           = {124--129}
}

@article{crick,
  author          = {Crick, Francis},
  journal         = {Nature},
  number          = {5258},
  title           = {Central Dogma of Molecular Biology},
  volume          = {227},
  year            = {1970},
  pages           = {561--563}
}

@article{koonin,
  author          = {Koonin, Eugene V.},
  journal         = {Biology Direct},
  number          = {1},
  title           = {Why the Central Dogma: on the nature of the great biological exclusion principle},
  volume          = {10},
  year            = {2015},
  pages           = {52--56}
}

@article{li09,
  author          = {Li, Bo and Ruotti, Victor and Stewart, Ron M. and Thomson, James A. and Dewey, Colin N.},
  journal         = {Bioinformatics},
  number          = {4},
  title           = {RNA-Seq gene expression estimation with read mapping uncertainty},
  volume          = {26},
  year            = {2009},
  pages           = {493--500}
}

@article{guo13,
  author          = {Guo, Yan and Sheng, Quanhu and Li, Jiang and Ye, Fei and Samuels, David C. and Shyr, Yu},
  journal         = {PLOS ONE},
  number          = {8},
  title           = {Large scale comparison of gene expression levels by microarrays and RNAseq using TCGA data},
  volume          = {8},
  year            = {2013},
  doi             = {10.1371/journal.pone.0071462}
}

@article{jaenisch,
  author          = {Jaenisch, Rudolf and Bird, Adrian},
  journal         = {Nature Genetics},
  number          = {3},
  title           = {Epigenetic regulation of gene expression: how the genome integrates intrinsic and environmental signals},
  volume          = {33},
  year            = {2003},
  pages           = {245--254}
}

@article{weinstein,
  author          = {The Cancer Genome Atlas (TCGA) Research Network and Weinstein, John N. and Collisson, Eric A. and Mills, Gordon B. and Mills Shaw, Kenna R. and et al.},
  journal         = {Nature Genetics},
  number          = {10},
  title           = {The Cancer Genome Atlas Pan-Cancer analysis project},
  volume          = {45},
  year            = {2013},
  pages           = {1113--1120}
}

@article{malone,
  author          = {Malone, John H. and Oliver, Brian},
  journal         = {BMC Biology},
  number          = {1},
  title           = {Microarrays, deep sequencing and the true measure of the transcriptome},
  volume          = {9},
  year            = {2011},
  pages           = {34--42}
}

@article{schena,
  author          = {Schena, Mark and Shalon, Dari and Davis, Ronald W. and Brown, Patrick O.},
  journal         = {Science},
  number          = {5235},
  title           = {Quantitative Monitoring of Gene Expression Patterns with a Complementary DNA Microarray},
  volume          = {270},
  year            = {1995},
  pages           = {467--470}
}

@article{wang10,
  author          = {Wang, Kai and Singh, Darshan and Zeng, Zheng and Coleman, Stephen J. and Huang, Yan and et al.},
  journal         = {Nucleic Acids Research},
  number          = {18},
  title           = {MapSplice: accurate mapping of RNA-seq reads for splice junction discovery},
  volume          = {38},
  year            = {2010},
  doi             = {10.1093/nar/gkq622}
}

@article{venter,
  author          = {Venter, J. Craig and Adams, Mark D. and Myers, Eugene W. and Li, Peter W. and Mural, Richard J. and et al.},
  journal         = {Science},
  number          = {5507},
  title           = {The sequence of the human genome},
  volume          = {291},
  year            = {2001},
  pages           = {1305--1351}
}

@article{zhou,
  author          = {Zhou, Libin and Liu, Shibo and Li, Xing and Yin, Min and Li, Sheng and Long, Huimin},
  journal         = {Molecular Medicine Reports},
  number          = {5},
  title           = {Diagnostic and prognostic value of CEP55 in clear cell renal cell carcinoma as determined by bioinformatics analysis},
  volume          = {19},
  year            = {2019},
  pages           = {3485--3496}
}